@book{Audiosurf
  title={Audiosurf},
  author={Audiosurf, LLC.},
  url={http://www.audio-surf.com/},
  year={2010},
}
